
@misc{pcstat,
	title="Desktop Operating System Market Share Worldwide [Электронный ресурс]",
	howpublished="Режим доступа: \url{https://gs.statcounter.com/os-market-share/desktop/worldwide} (дата обращения: 15.01.2024)"
}

@misc{phonestat,
	title="Mobile Operating System Market Share Worldwide [Электронный ресурс]",
	howpublished="Режим доступа: \url{https://gs.statcounter.com/os-market-share/desktop/worldwide} (дата обращения: 15.01.2024)"
}

@misc{ubuntu,
	title="Enterprise Open Source and Linux | Ubuntu [Электронный ресурс]",
	howpublished="Режим доступа: \url{https://ubuntu.com/} (дата обращения: 15.01.2024)"
}

@misc{task_struct,
	title="Linux source code, struct task\_struct [Электронный ресурс]",
	howpublished="Режим доступа: \url{https://elixir.bootlin.com/linux/latest/source/include/linux/sched.h#L746} (дата обращения: 15.01.2024)"
}

@misc{file,
	title="Linux source code, struct file [Электронный ресурс]",
	howpublished="Режим доступа: \url{https://elixir.bootlin.com/linux/latest/source/include/linux/fs.h#L992} (дата обращения: 15.01.2024)"
}

@misc{lsc,
	title="Linux source code [Электронный ресурс]",
	howpublished="Режим доступа: \url{https://elixir.bootlin.com/linux/latest/source} (дата обращения: 15.01.2024)"
}

@misc{send_signal,
	title="Halo Linux Services --- Generating a signal [Электронный ресурс]",
	howpublished="Режим доступа: \url{https://www.halolinux.us/kernel-reference/generating-a-signal.html} (дата обращения: 15.01.2024)"
}

@misc{c,
	title="C language documentation [Электронный ресурс]",
	howpublished="Режим доступа: \url{https://learn.microsoft.com/en-us/cpp/c-language/?view=msvc-170} (дата обращения: 15.01.2024)"
}

@misc{vscode,
	title="Visual Studio Code [Электронный ресурс]",
	howpublished="Режим доступа: \url{https://code.visualstudio.com/} (дата обращения: 15.01.2024)"
}



@inbook{OSI,
  author="Семенов Ю.А.",
  title="Протоколы Internet. Энциклопедия.",
  publisher="--- Москва: <<Горячая линия --- Телеком>>, 2003.",
  language="russian",
}

@misc{ISO,
	title="International Organization for Standardization [Электронный ресурс]",
	howpublished="Режим доступа: \url{https://www.iso.org/home.html} (дата обращения: 15.12.2023)"
}

@misc{intel,
	title="Процессор Intel® Core™ i5 [Электронный ресурс]",
	howpublished="Режим доступа: \url{https://www.intel.com/processors/core/i5/docs} (дата обращения: 15.12.2023)"
}